
@article{rpart,
	title = {rpart: Recursive Partitioning and Regression Trees},
	author = {Therneau, Terry and Atkinson, Beth},
	year = {2023},
	date = {2023},
	url = {https://CRAN.R-project.org/package=rpart}
}
